@misc{christiano2023deep,
      title={Deep reinforcement learning from human preferences},
      author={Paul Christiano and Jan Leike and Tom B. Brown and Miljan Martic and Shane Legg and Dario Amodei},
      year={2023},
      eprint={1706.03741},
      archivePrefix={arXiv},
      primaryClass={stat.ML},
      note = {\url{https://arxiv.org/abs/1706.03741}},
}
@misc{wiki-kolm-cpx-uncomput,
    title = "Uncomputability of Kolmogorov complexity",
    year = "2023",
    howpublished = "\href{https://en.wikipedia.org/wiki/Kolmogorov_complexity\#Formal_proof_of_uncomputability_of_K}{Wikipedia}",
    note = {\url{https://en.wikipedia.org/wiki/Kolmogorov_complexity\#Formal_proof_of_uncomputability_of_K}},
}
@misc{wiki-cent-lim-theo,
    title = "Central limit theorem",
    year = "2023",
    howpublished = "\href{https://en.wikipedia.org/w/index.php?title=Central_limit_theorem&oldid=1155685628}{Wikipedia}",
    note = {\url{https://en.wikipedia.org/w/index.php?title=Central_limit_theorem&oldid=1155685628}},
}
@misc{alex-graves-vid,
    author = "Alex Graves",
    title = "Unsupervised Deep Learning",
    year = "2018",
    howpublished = "\href{https://youtu.be/3RVGrz7MjMg?t=940}{NeurIPS talk}",
    note = {\url{https://youtu.be/3RVGrz7MjMg?t=940}},
}
@book{li2008introduction,
  title={An introduction to Kolmogorov complexity and its applications},
  author={Li, Ming and Vit{\'a}nyi, Paul and others},
  volume={3},
  year={2008},
  publisher={Springer},
  note = {\url{https://vdoc.mx/download/an-introduction-to-kolmogorov-complexity-and-its-applications-7nd621fdt070}},
}
@article{jang2023reflection,
  title   = "Can LLMs Critique and Iterate on Their Own Outputs?",
  author  = "Jang, Eric",
  journal = "evjang.com",
  year    = "2023",
  month   = "Mar",
  url     = "https://evjang.com/2023/03/26/self-reflection.html",
  note = {\url{https://evjang.com/2023/03/26/self-reflection.html}},
}
@inproceedings{bengio2009curriculum,
  title={Curriculum learning},
  author={Bengio, Yoshua and Louradour, J{\'e}r{\^o}me and Collobert, Ronan and Weston, Jason},
  booktitle={Proceedings of the 26th annual international conference on machine learning},
  pages={41--48},
  year={2009},
  note = {\url{https://ronan.collobert.com/pub/2009_curriculum_icml.pdf}},
}
@article{kidd2012goldilocks,
  title={The Goldilocks effect: Human infants allocate attention to visual sequences that are neither too simple nor too complex},
  author={Kidd, Celeste and Piantadosi, Steven T and Aslin, Richard N},
  journal={PloS one},
  volume={7},
  number={5},
  pages={e36399},
  year={2012},
  publisher={Public Library of Science San Francisco, USA},
  note={\url{https://journals.plos.org/plosone/article?id=10.1371/journal.pone.0036399}},
}
@book{bostrom-takeoff,
  title={Superintelligence: Paths, Dangers, Strategies pp. 62-64},
  author={Bostrom, Nick},
  year={2014},
  publisher={Oxford University Press},
  pages={62-64},
  note={\url{https://www.amazon.com/Superintelligence-Dangers-Strategies-Nick-Bostrom/dp/1501227742}},
}
@book{bostrom-values,
  title={Superintelligence: Paths, Dangers, Strategies pp. 185},
  author={Bostrom, Nick},
  year={2014},
  publisher={Oxford University Press},
  pages={185},
  note={\url{https://www.amazon.com/Superintelligence-Dangers-Strategies-Nick-Bostrom/dp/1501227742}},
}
@article{stanley2005evolving,
  title={Evolving neural network agents in the NERO video game},
  author={Stanley, Kenneth O and Bryant, Bobby D and Miikkulainen, Risto},
  journal={Proceedings of the IEEE},
  pages={182--189},
  year={2005},
  publisher={Citeseer},
  note={\url{https://www.cs.utexas.edu/~ai-lab/pubs/stanley.cig05.pdf}},
}
@misc{amodei2016concrete,
      title={Concrete Problems in AI Safety},
      author={Dario Amodei and Chris Olah and Jacob Steinhardt and Paul Christiano and John Schulman and Dan Mané},
      year={2016},
      eprint={1606.06565},
      archivePrefix={arXiv},
      primaryClass={cs.AI},
      note={\url{https://arxiv.org/abs/1606.06565}},
}
﻿@article{neuralink,
    author="Musk, Elon",
    title="An Integrated Brain-Machine Interface Platform With Thousands of Channels",
    journal="J Med Internet Res",
    year="2019",
    month="Oct",
    day="31",
    volume="21",
    number="10",
    pages="e16194",
    keywords="brain-machine interface; sensory function; motor function; neurology",
    issn="1438-8871",
    doi="10.2196/16194",
    url="http://www.jmir.org/2019/10/e16194/",
    url="https://doi.org/10.2196/16194",
    note={\url{https://www.jmir.org/2019/10/e16194/}},
}
@book{kurzweil1999age,
    title={The Age of Spiritual Machines: When Computers Exceed Human Intelligence},
    author={Kurzweil, Ray},
    year={1999},
    publisher={Viking},
    note={\url{https://www.amazon.com/Age-Spiritual-Machines-Computers-Intelligence/dp/0140282025}},
}
@misc{oord2018neural,
      title={Neural Discrete Representation Learning},
      author={Aaron van den Oord and Oriol Vinyals and Koray Kavukcuoglu},
      year={2018},
      eprint={1711.00937},
      archivePrefix={arXiv},
      primaryClass={cs.LG},
      note={\url{https://arxiv.org/abs/1711.00937}},
}
@article{Masson_2019,
    doi={10.14778/3352063.3352135},
    url={https://arxiv.org/abs/1908.10693},
    year=2019,
    month={aug},
    publisher={Association for Computing Machinery ({ACM})},
    volume={12},
    number={12},
    pages={2195--2205},
    author={Charles Masson and Jee E. Rim and Homin K. Lee},
    title={{DDSketch}},
    journal={Proceedings of the {VLDB} Endowment},
    note={\url{https://arxiv.org/abs/1908.10693}},
}
@inproceedings{ester1996density,
  title={A density-based algorithm for discovering clusters in large spatial databases with noise.},
  author={Ester, Martin and Kriegel, Hans-Peter and Sander, J{\"o}rg and Xu, Xiaowei and others},
  booktitle={kdd},
  volume={96},
  number={34},
  pages={226--231},
  year={1996},
  note={\url{https://file.biolab.si/papers/1996-DBSCAN-KDD.pdf}},
}
@article{bentley1975multidimensional,
  title={Multidimensional binary search trees used for associative searching},
  author={Bentley, Jon Louis},
  journal={Communications of the ACM},
  volume={18},
  number={9},
  pages={509--517},
  year={1975},
  publisher={ACM New York, NY, USA},
  note={\url{https://dl.acm.org/doi/10.1145/361002.361007}},
}
@article{bellemare2013arcade,
  title={The arcade learning environment: An evaluation platform for general agents},
  author={Bellemare, Marc G and Naddaf, Yavar and Veness, Joel and Bowling, Michael},
  journal={Journal of Artificial Intelligence Research},
  volume={47},
  pages={253--279},
  year={2013},
  note={\url{https://arxiv.org/abs/1207.4708}},
}
@article{axelrod1988further,
  title={The further evolution of cooperation},
  author={Axelrod, Robert and Dion, Douglas},
  journal={Science},
  volume={242},
  number={4884},
  pages={1385--1390},
  year={1988},
  publisher={American Association for the Advancement of Science},
  note={\url{https://ee.stanford.edu/~hellman/Breakthrough/book/pdfs/axelrod.pdf}},
}
@misc{game-of-agi,
  author = {Craig Quiter},
  title = {Game of AGI},
  year = {2021},
  url = {https://gist.github.com/crizCraig/f4c583f0ca535ce5565f3aa66353cf99},
  note={\url{https://gist.github.com/crizCraig/f4c583f0ca535ce5565f3aa66353cf99}},
}
@article{fogel1993evolving,
    title={Evolving behaviors in the iterated prisoner's dilemma},
    author={Fogel, David B},
    journal={Evolutionary Computation},
    volume={1},
    number={1},
    pages={77--97},
    year={1993},
    publisher={MIT Press One Rogers Street, Cambridge, MA 02142-1209, USA journals-info~…},
    note={\url{https://cs.uwlax.edu/~dmathias/cs419/readings/Fogel1993.pdf}},
}
@misc{yudkowsky-time,
    author = {Yudkowsky, Eliezer},
    title = {Eliezer Yudkowsky's Open Letter: AI Development Is Not Enough},
    year = {Correct Year},
    url = {https://time.com/6266923/ai-eliezer-yudkowsky-open-letter-not-enough/},
    journal = {Time},
    note = {Accessed: 2023-05-28},
    note={\url{https://time.com/6266923/ai-eliezer-yudkowsky-open-letter-not-enough/}},
}
@misc{yao2023tree,
    title={Tree of Thoughts: Deliberate Problem Solving with Large Language Models},
    author={Shunyu Yao and Dian Yu and Jeffrey Zhao and Izhak Shafran and Thomas L. Griffiths and Yuan Cao and Karthik Narasimhan},
    year={2023},
    eprint={2305.10601},
    archivePrefix={arXiv},
    primaryClass={cs.CL},
    note={\url{https://arxiv.org/abs/2305.10601}},
}
@misc{wang2023voyager,
    title={Voyager: An Open-Ended Embodied Agent with Large Language Models},
    author={Guanzhi Wang and Yuqi Xie and Yunfan Jiang and Ajay Mandlekar and Chaowei Xiao and Yuke Zhu and Linxi Fan and Anima Anandkumar},
    year={2023},
    eprint={2305.16291},
    archivePrefix={arXiv},
    primaryClass={cs.AI},
    note={\url{https://arxiv.org/abs/2305.16291}},
}
@misc{openai2023gpt4,
    title={GPT-4 Technical Report},
    author={OpenAI},
    year={2023},
    eprint={2303.08774},
    archivePrefix={arXiv},
    primaryClass={cs.CL},
    note={\url{https://arxiv.org/abs/2303.08774}},
}
@article{srivastava2014dropout,
    title={Dropout: a simple way to prevent neural networks from overfitting},
    author={Srivastava, Nitish and Hinton, Geoffrey and Krizhevsky, Alex and Sutskever, Ilya and Salakhutdinov, Ruslan},
    journal={The journal of machine learning research},
    volume={15},
    number={1},
    pages={1929--1958},
    year={2014},
    publisher={JMLR. org},
    note={\url{https://jmlr.org/papers/volume15/srivastava14a/srivastava14a.pdf}},
}
@misc{hinton2012,
  author = {Hinton, Geoffrey},
  title = {Neural Networks for Machine Learning},
  year = {2012},
  note = {Coursera lecture, available at: \url{https://youtu.be/defQQqkXEfE}}
}
@article{krogh1991simple,
    title={A simple weight decay can improve generalization},
    author={Krogh, Anders and Hertz, John},
    journal={Advances in neural information processing systems},
    volume={4},
    year={1991},
    note={\url{https://proceedings.neurips.cc/paper/1991/file/8eefcfdf5990e441f0fb6f3fad709e21-Paper.pdf}},
}
@article{loshchilov2017decoupled,
    title={Decoupled weight decay regularization},
    author={Loshchilov, Ilya and Hutter, Frank},
    journal={arXiv preprint arXiv:1711.05101},
    year={2017},
    note={\url{https://arxiv.org/abs/1711.05101}},
}
@article{gat1998three,
  title={On three-layer architectures},
  author={Gat, Erann and Bonnasso, R Peter and Murphy, Robin and others},
  journal={Artificial intelligence and mobile robots},
  volume={195},
  pages={210},
  year={1998},
  publisher={AAAI Press Menlo Park, CA},
  note={\url{https://flownet.com/gat/papers/tla.pdf}}
}
@article{plappert2018multi,
  title={Multi-goal reinforcement learning: Challenging robotics environments and request for research},
  author={Plappert, Matthias and Andrychowicz, Marcin and Ray, Alex and McGrew, Bob and Baker, Bowen and Powell, Glenn and Schneider, Jonas and Tobin, Josh and Chociej, Maciek and Welinder, Peter and others},
  journal={arXiv preprint arXiv:1802.09464},
  year={2018},
  note={\url{https://arxiv.org/abs/1802.09464}}
}
